%%%%%%%%%%%%%%%%%%%%%%%%%%%%%%%%%%%%%%%%%%%
%%%%%%%%%%        intro         %%%%%%%%%%%
%%%%%%%%%%%%%%%%%%%%%%%%%%%%%%%%%%%%%%%%%%%
 
 @inbook{Pittarello_Faveri_2006, place={Columbia, Maryland}, title={Semantic description of 3D environments: a proposal based on web standards}, ISBN={1-59593-336-0}, url={http://portal.acm.org/citation.cfm?id=1122603}, DOI={10.1145/1122591.1122603}, booktitle={Proceedings of the eleventh international conference on 3D web technology}, publisher={ACM}, author={Pittarello, Fabio and Faveri, Alessandro De}, year={2006}, pages={85--95}}

 @inbook{Silva_Rahman_Saddik_2008, place={Vancouver, British Columbia, Canada}, title={Web 3.0: a vision for bridging the gap between real and virtual}, ISBN={978-1-60558-319-8}, url={http://portal.acm.org/citation.cfm?id=1462042}, DOI={10.1145/1462039.1462042},booktitle={Proceeding of the 1st ACM international workshop on Communicability design and evaluation in cultural and ecological multimedia system}, publisher={ACM}, author={Silva, Juan M. and Rahman, Abu Saleh Md. Mahfujur and Saddik, Abdulmotaleb El}, year={2008}, pages={9-14}}

 @article{Spagnuolo_Falcidieno_2009, title={3D media and the semantic web}, volume={24}, number={2}, journal={Intelligent Systems, IEEE}, author={Spagnuolo, M. and Falcidieno, B.}, year={2009}, pages={90-96}}

 @article{Fuh_Li_2005, title={Advances in collaborative CAD: the-state-of-the art}, volume={37}, DOI={10.1016/j.cad.2004.08.005}, number={5}, journal={Computer-Aided Design}, author={Fuh, J.Y.H. and Li, W.D.}, year={2005}, month={avr}, pages={571--581}}

@article{bailenson_equilibrium_2001,
  title={{Equilibrium theory revisited: Mutual gaze and personal space in virtual environments}},
  author={Bailenson, J.N. and Blascovich, J. and Beall, A.C. and Loomis, J.M.},
  journal={Presence: Teleoperators \& Virtual Environments},
  volume={10},
  number={6},
  pages={583--598},
  year={2001},
  publisher={MIT Press}
}




%%%%%%%%%%%%%%%%%%%%%%%%%%%%%%%%%%%%%%%%%%%
%%%%%%%%%%      chapitre 1      %%%%%%%%%%%
%%%%%%%%%%%%%%%%%%%%%%%%%%%%%%%%%%%%%%%%%%%

@MISC{heilig_sensorama_1962,
  title={{Sensorama simulator}},
  author={Heilig, M.L.},
  year={1962},
  note={US Patent 3,050,870}
}

@misc{mud_welcome,
	title = {Welcome to the Home of {MUD1} - British Legends!},
	url = {http://www.british-legends.com/},
	year = {1978},
	howpublished = {http://www.british-legends.com/}
}

@article{fuchs2006traite,
  title={Le trait{\'e} de la r{\'e}alit{\'e} virtuelle(Volume I, L'homme et l'environnement virtuel)},
  author={Fuchs, P. and Moreau, G. and Berthoz, A. and Vercher, J.L. and Amarantini, D. and Multon, F. and Rao, G. and Aubert, F.},
  journal={Sciences math{\'e}matiques et informatique},
  year={2006},
  publisher={[{\'E}cole des Mines de Paris]}
}

@article{Kumar_Chhugani_Kim_Kim_Nguyen_Dubey_Bienia_Kim_2008, 
title={Second life and the new generation of virtual worlds}, 
volume={41}, 
number={9}, 
journal={Computer}, 
author={Kumar, S. and Chhugani, J. and Kim, C. and Kim, D. and Nguyen, A. and Dubey, P. and Bienia, C. and Kim, Y.}, year={2008}, 
pages={46--53}}

 @book{Bartle_2004, 
title={Designing virtual worlds}, 
ISBN={0131018167, 9780131018167}, 
publisher={New Riders}, 
author={Bartle, Richard A.}, 
year={2004}}

 @phdthesis{LeVanGong_1996, 
title={Paradigmes pour l'interopérabilité entre environnements virtuels = Paradigms for interoperability between virtual environments}, 
url={http://cat.inist.fr/?aModele=afficheN&cpsidt=179920}, 
school={Université de Paris 06}, 
author={Le Van Gong, Hubert}, 
year={1996}}

@TECHREPORT{michaud_world_2011,
	AUTHOR       = {Michaud, Laurent},
	TITLE        = {World Video Game Market},
	INSTITUTION  = {IDATE},
	YEAR         = {2011},
	MONTH        = {jun}
}

@book{stephenson_2000,  place={Paris},  title={Le samourai virtuel},  ISBN={9782253072218},  publisher={Librairie générale française},  author={Neal Stephenson},  year={2000}}

@article{kumar_second_2008,
	author = {S. Kumar and J. Chhugani and C. Kim and D. Kim and A. Nguyen and P. Dubey and C. Bienia and Y. Kim},
	title = {Second life and the new generation of virtual worlds},
	volume = {41},
	number = {9},
	journal = {Computer},
	year = {2008},
	pages = {46--53}
}

 @article{hendaoui_3d_2008,  
title={3D social virtual worlds: research issues and challenges},
 volume={12}, 
 number={1}, 
 journal={IEEE Internet Computing},
  author={Hendaoui, A. and Limayem, M. and Thompson, C. W.}, 
 year={2008}, 
 pages={88,92}
}

@conference{garau_impact_2003,
  title={{The impact of avatar realism and eye gaze control on perceived quality of communication in a shared immersive virtual environment}},
  author={Garau, M. and Slater, M. and Vinayagamoorthy, V. and Brogni, A. and Steed, A. and Sasse, M.A.},
  booktitle={Proceedings of the SIGCHI conference on Human factors in computing systems},
  pages={529--536},
  year={2003},
  organization={ACM}
}

 @article{Livingstone_2011, 
title={Second Life Is Dead, Long Live Second Life?}, 
volume={46}, url={http://www.educause.edu/EDUCAUSE+Review/EDUCAUSEReviewMagazineVolume46/SecondLifeIsDeadLongLiveSecond/226180}, number={2}, 
journal={EDUCAUSE Review}, 
author={Livingstone, Daniel}, 
year={2011}, 
month={avr}}

@book{bonneau_web_2009,  
title={Web 3D - Du monde virtuel au web immersif},  
number={M91409},  
institution={IDATE},  
author={Bonneau, Vincent and Sauquet, Tiffany and Pernet, Sophie and Michaud, Laurent},  
year={2009},  
month={Déc}
}

@article{mueller_image_2007,
  author    = {Pascal M{\"u}ller and
               Gang Zeng and
               Peter Wonka and
               Luc J. Van Gool},
  title     = {Image-based procedural modeling of facades},
  journal   = {ACM Trans. Graph.},
  volume    = {26},
  number    = {3},
  year      = {2007},
  pages     = {85},
  ee        = {http://doi.acm.org/10.1145/1276377.1276484},
  bibsource = {DBLP, http://dblp.uni-trier.de}
}

@article{prusinkiewicz_development_1988,
  title={{Development models of herbaceous plants for computer imagery purposes}},
  author={Prusinkiewicz, P. and Lindenmayer, A. and Hanan, J.},
  journal={ACM SIGGRAPH Computer Graphics},
  volume={22},
  number={4},
  pages={141--150},
  year={1988},
  publisher={ACM}
}
 @article{Phong_1975, title={Illumination for computer generated pictures}, volume={18}, number={6}, journal={Communications of the ACM}, author={Phong, B. T}, year={1975}, pages={317}}

 @article{Gouraud_1971, title={Continuous shading of curved surfaces}, volume={20}, number={6}, journal={IEEE transactions on computers}, author={Gouraud, H.}, year={1971}, pages={623–628}}

@ARTICLE{polys_future_2008,
  author = {Nicholas F. Polys and Don Brutzman and Anthony Steed and Johannes
	Behr},
  title = {Future Standards for Immersive {VR:} Report on the {IEEE} Virtual
	Reality 2007 Workshop},
  journal = {{IEEE} Comput. Graph. Appl.},
  year = {2008},
  volume = {28},
  pages = {94--99},
  number = {2},
}

@TECHREPORT{McHenry_Bajcsy_2008,
	AUTHOR       = "McHenry, K. and Bajcsy, P.",
	TITLE        = "An overview of 3D data content, file formats and viewers",
	INSTITUTION  = "National Center for Supercomputing Applications",
	YEAR         = "2008",
	TYPE         = "Technical Report",
	NUMBER       = "Technical Report ISDA08-002",
	ADDRESS      = "1205 W Clark, Urbana, IL 61801",
	MONTH        = "",
	NOTE         = ""
}

@conference{rusinkiewicz_qsplat_2000,
  title={{QSplat: A multiresolution point rendering system for large meshes}},
  author={Rusinkiewicz, S. and Levoy, M.},
  booktitle={Proceedings of the 27th annual conference on Computer graphics and interactive techniques},
  pages={343--352},
  year={2000},
  organization={ACM Press/Addison-Wesley Publishing Co.}
}

@conference{pfister_surfels_2000,
  title={{Surfels: Surface elements as rendering primitives}},
  author={Pfister, H. and Zwicker, M. and Van Baar, J. and Gross, M.},
  booktitle={Proceedings of the 27th annual conference on Computer graphics and interactive techniques},
  pages={335--342},
  year={2000},
  organization={ACM Press/Addison-Wesley Publishing Co.}
}

@article{prusinkiewicz_development_1988,
  title={{Development models of herbaceous plants for computer imagery purposes}},
  author={Prusinkiewicz, P. and Lindenmayer, A. and Hanan, J.},
  journal={ACM SIGGRAPH Computer Graphics},
  volume={22},
  number={4},
  pages={141--150},
  year={1988},
  publisher={ACM}
}


%%%%%%%%%%%%%%%%%%%%%%%%%%%%%%%%%%%%%%%%%%%
%%%%%%%%%%      chapitre 2      %%%%%%%%%%%
%%%%%%%%%%%%%%%%%%%%%%%%%%%%%%%%%%%%%%%%%%%


%%%%%%%%%%%%%%%%%%%%%%%%%%%%%%%%%%%%%%%%%%%
%%%%%%%%%%      chapitre 3      %%%%%%%%%%%
%%%%%%%%%%%%%%%%%%%%%%%%%%%%%%%%%%%%%%%%%%%


%%%%%%%%%%%%%%%%%%%%%%%%%%%%%%%%%%%%%%%%%%%
%%%%%%%%%%      conclusion      %%%%%%%%%%%
%%%%%%%%%%%%%%%%%%%%%%%%%%%%%%%%%%%%%%%%%%%
