@inproceedings{funkhouser,
 author = {Thomas A. Funkhouser and Carlo H. S\'{e}quin},
 title = {Adaptive display algorithm for interactive frame rates during visualization of complex virtual environments},
 booktitle = {SIGGRAPH '93},
 year = {1993},
 pages = {247--254},
 publisher = {ACM},
 address = {New York, NY, USA}
 }

@article{dive,
 author = {E. Fr\'{e}con and M. Stenius},
 title = {DIVE - A Scalable network Architecture for distributed virtual environments},
 journal = {Distributed Systems Engineering Journal (Special issue on Distributed Virtual Environments)},
 year = {1998},
 volume = {5}
}
 
@article{npsnet,
    author = {M. R. Macedonia and M. J. Zyda and D. R. Pratt and P. T. Barham and S. Zeswitz},
    title = {NPSNET: A Network Software Architecture for Large-Scale Virtual Environment},
    journal = {Presence},
    volume = {3},
    number = {4},
    pages = {265--287},
    year = {1994}
   }

@inproceedings{massive,
    author = "Chris Greenhalgh and Steve Benford",
    title = "{MASSIVE}: A Distributed Virtual Reality System Incorporating Spatial Trading",
    booktitle = "International Conference on Distributed Computing Systems",
    pages = "27-34",
    year = "1995"
    }

@inproceedings{ring,
    author = "Thomas A. Funkhouser",
    title = "{RING}: A Client-Server System for Multi-User Virtual Environments",
    booktitle = "Symposium on Interactive 3D Graphics",
    pages = "85-92, 209",
    year = "1995"
    }

@article{hoppe,
    author = "Hugues Hoppe",
    title = "Progressive Meshes",
    journal = "Computer Graphics",
    volume = "30",
    number = "{Annual Conference Series}",
    pages = "99--108",
    year = "1996"
  }

@article{luebke,
    author = "David P. Luebke",
    title = "A Developer's Survey of Polygonal Simplification Algorithms",
    journal = "IEEE Computer Graphics and Applications",
    volume = "21",
    number = "3",
    pages = "24--35",
    year = "2001"
    }
    
@inproceedings{tanner,
 author = {Christopher C. Tanner and Christopher J. Migdal and Michael T. Jones},
 title = {The clipmap: a virtual mipmap},
 booktitle = {SIGGRAPH '98},
 year = {1998},
 pages = {151--158},
 publisher = {ACM},
 }
 
 @inproceedings{pesce,
 author = {M. Pesce and P. Kennard and A. Parisi},
 title = {Cyberspace},
 booktitle = {First International Conference on WWW},
 year = {1994},
 }
 
 @inproceedings{keller2003,
  author    = {Joaqu\'{\i}n Keller and Gwendal Simon},
  title     = {Solipsis: A Massively Multi-Participant Virtual World},
  booktitle = {Int. Conf. Parallel and Distributed Techniques and Applications},
  year      = {2003},
  pages     = {262-268}
}

@inproceedings{keller,
 author = {Joaqu\'{\i}n Keller and Gwendal Simon},
 title = {Toward a Peer-to-Peer Shared Virtual Reality},
 booktitle = {ICDCSW '02},
 year = {2002},
 pages = {695--700},
 publisher = {IEEE Computer Society}
 }

@inproceedings{hu,
 author = {Shun-Yun Hu and Guan-Ming Liao},
 title = {Scalable peer-to-peer networked virtual environment},
 booktitle = {NetGames '04},
 year = {2004},
 pages = {129--133},
 location = {Portland, Oregon, USA},
 publisher = {ACM}
 }
 
 @article{tanin,
 author = {Egemen Tanin and Aaron Harwood and Hanan Samet},
 title = {Using a distributed quadtree index in peer-to-peer networks},
 journal = {The VLDB Journal},
 volume = {16},
 number = {2},
 year = {2007},
 issn = {1066-8888},
 pages = {165--178},
 doi = {http://dx.doi.org/10.1007/s00778-005-0001-y},
 publisher = {Springer-Verlag New York, Inc.},
 address = {Secaucus, NJ, USA},
 }
 
@inproceedings{douglas,
 author = {S. Douglas and E. Tanin and A. Harwood},
 title = {Enabling Massively Multi-Player Online Gaming Applications on a P2P Architecture},
 booktitle = {Proceedings of the IEEE International Conference on Information and Automation},
 year = {2005},
 pages = {7--12},
 publisher = {IEE}
 }

 @inproceedings{cavagna,
title = {P2P Network for very large virtual environment.},
author = {Romain Cavagna and Christian Bouville and Jérôme Royan},
booktitle = {VRST},
pages = {269-276},
publisher = {ACM},
year = {2006},
} 

@article{gioia,
  author    = {Patrick Gioia and
               Oliver Aubault and
               Christian Bouville},
  title     = {Real-time reconstruction of wavelet-encoded meshes for view-dependent
               transmission and visualization},
  journal   = {IEEE Trans. Circuits Syst. Video Techn.},
  volume    = {14},
  number    = {7},
  year      = {2004},
  pages     = {1009-1020},
}

@inproceedings{isenburg, 
  author    = {Martin Isenburg and Pierre Alliez}, 
  title     = {Compressing Polygon Mesh Geometry with Parallelogram Prediction}, 
  booktitle = {Visualization conference proceedings}, 
  pages     = {141--146}, 
  year      = {2002}
}

@InProceedings{wonka,
  author       = "Peter Wonka and Michael Wimmer and Fran\c{c}ois Sillion",
  title        = "Instant Visibility",
  booktitle    = "EuroGraphics",
  year         = "2001",
  publisher    = "A. Chalmers and T.-M. Rhyne",
  organization = "Eurographics",
  url          = "http://artis.imag.fr/Publications/2001/WWS01"
}
 
@article{teller,
 author = {Seth J. Teller and Carlo H. S\'{e}quin},
 title = {Visibility preprocessing for interactive walkthroughs},
 journal = {SIGGRAPH Comput. Graph.},
 volume = {25},
 number = {4},
 year = {1991},
 issn = {0097-8930},
 pages = {61--70},
 }
@inproceedings{beaumont, 
 author = {Olivier Beaumont and Anne-Marie Kermarrec and Etienne Rivière}, 
 title = {Peer to peer multidimensional overlays: Approximating complex structures}, 
 booktitle = {OPODIS, 11th International conference on principles of distributed systems}, 
 year = {2007}, 
 }

@misc{googleearth, 
    note = {http://earth.google.com/} 
} 
 
@misc{secondlife, 
    note = {http://www.secondlife.com/} 
} 


@inproceedings{ jk:smallworld,
  author = "Jon Kleinberg",
  title = "The {S}mall-{W}orld {P}henomenon: {A}n {A}lgorithmic {P}erspective",
  booktitle = "Proceedings of the 32nd ACM Symposium on Theory of Computing",
  year = 2000,
  url = "citeseer.ist.psu.edu/kleinberg00smallworld.html",
  url = "www.cs.cornell.edu/home/kleinber/swn.ps" 
}